@misc{ChineseDDoS,
  title = {Chinese Manufacturer Recalls IOT Gear Following Dyn DDoS},
  howpublished = {https://threatpost.com/chinese-manufacturer-recalls-iot-gear-following-dyn-ddos/121496/},
}
@misc{OsramSmartBulbs,
  title = {Serious security flaws found in Osram smart bulbs},
  howpublished = {http://www.zdnet.com/article/serious-security-flaws-found-in-osram-smart-bulbs/},
}
@misc{BabyMonitors,
  title = {Watch out, new parentsâ€”internet-connected baby monitors are easy to hack},
  howpublished = {http://fusion.net/story/192189/internet-connected-baby-monitors-trivial-to-hack/},
}

